@misc{born-digital1, 
    title={Overview - born-digital images (web and email)},
    author={Robust Reading Competition},
    url={https://rrc.cvc.uab.es/?ch=1}, 
    journal={born-digital1},
    note = {Last accessed 21 Jun. 2022. [Online].},
} 

@inproceedings{craft2,
    title={Character region awareness for text detection},
    author={Baek, Youngmin and Lee, Bado and Han, Dongyoon and Yun, Sangdoo and Lee, Hwalsuk},
    booktitle={Proceedings of the IEEE/CVF Conference on Computer Vision and Pattern Recognition},
    pages={9365--9374},
    year={2019}
}

@misc{ctw, 
    title={Yuliang-Liu/curve-text-detector},
    url={https://github.com/Yuliang-Liu/Curve-Text-Detector}, 
    journal={GitHub},
    note = {Last accessed 13 Jun. 2022. [Online].},
    author={Yuliang-Liu}} 

@article{ctw2,
    title={Curved scene text detection via transverse and longitudinal sequence connection},
    author={Liu, Yuliang and Jin, Lianwen and Zhang, Shuaitao and Luo, Canjie and Zhang, Sheng},
    journal={Pattern Recognition},
    volume={90},
    pages={337--345},
    year={2019},
    publisher={Elsevier}
}

@misc{easyocr1,
    title={Jaided AI - Distribute the benefits of AI to the world}, 
    url={https://www.jaided.ai/}, 
    journal={Jaided AI - Distribute the benefits of AI to the world},
    note = {Last accessed 20 May. 2022. [Online].},
    author={Jaided AI}} 

@misc{easyocr2, 
    title={Jaidedai/EasyOCR}, 
    url={https://github.com/JaidedAI/EasyOCR},
    journal={GitHub}, 
    note = {Last accessed 13 Jun. 2022. [Online].},
    author={Jaided AI}} 

@misc{google1, 
    key={Google},
    title={Vision AI | derive image insights via ML | cloud vision API  google cloud}, 
    url={https://cloud.google.com/vision/. [Online].}, 
    journal={Google}, 
    publisher={Google}} 

@misc{IIIT, 
    key={IIIT},
    title={The IIIT 5K-word | Graviti}, 
    url={https://gas.graviti.com/dataset/graviti/IIIT5KWord}, 
    note = {Last accessed 22 Jun. 2022. [Online].},
    journal={Graviti}} 

@misc{kaist, 
    key={Kaist},
    title={Kaist scene text database}, 
    url={http://www.iapr-tc11.org/mediawiki/index.php/KAIST_Scene_Text_Database}, 
    note = {Last accessed 10 Jun. 2022.. [Online].},
    journal={TC11}} 

@misc{keras-ocr1, 
    key={kerasOCR},
    title={keras-OCR}, 
    url={https://pypi.org/project/keras-ocr/},   
    note = {Last accessed 29 Apr. 2022. [Online].},
    journal={keras-ocr1}} 

@misc{keras-ocrDocu, 
    key={keras documentation},
    title={keras-ocr documentation},
    url={https://keras-ocr.readthedocs.io/en/latest/index.html}, 
    note = {Last accessed 29 Apr. 2022. [Online].},
    journal={keras-ocr documentation}} 

@misc{mjsynth,
    key={mjsynth},
    title={Text recognition data - Visual Geometry Group - University of Oxford}, 
    url={https://www.robots.ox.ac.uk/~vgg/data/text/#sec-synth}, 
    note = {Last accessed 21 Jul. 2022. [Online].},
    journal={Visual Geometry Group - University of Oxford}} 

@misc{synthtext, 
    key={synthtext},
    title={Synthtext in the wild dataset - Visual Geometry Group - University of Oxford}, 
    url={https://www.robots.ox.ac.uk/~vgg/data/scenetext/}, 
    note = {Last accessed 21 Jul. 2022. [Online].},
    journal={Visual Geometry Group - University of Oxford}
    } 

@misc{craft1, 
    title={Clovaai/Craft-pytorch: Official implementation of character region awareness for text detection (CRAFT)}, 
    url={https://github.com/clovaai/CRAFT-pytorch}, 
    journal={CRAFT-pytorch GitHub}, 
    note = {Last accessed 29 Apr. 2022. [Online].},
    author={Clova AI Research}} 

@misc{svt,
    key={svt},
    title={The street view text dataset}, 
    url={http://vision.ucsd.edu/~kai/svt/}, 
    note = {Last accessed 22 Jul. 2022. [Online].},
    journal={Street View Text | UC San Diego}} 

@inproceedings{svtp,
    author = {Phan, Trung and Shivakumara, Palaiahnakote and Tian, Shuangxuan and Tan, Chew Lim},
    year = {2013},
    month = {12},
    pages = {569-576},
    title = {Recognizing Text with Perspective Distortion in Natural Scenes},
    doi = {10.1109/ICCV.2013.76}
}

@misc{tesseract1, 
    title={Tesseract-OCR/tessdoc: Tesseract documentation}, 
    url={https://github.com/tesseract-ocr/tessdoc}, 
    journal={GitHub}, 
    note = {Last accessed 6 May. 2022. [Online].},
    author={Tesseract-Ocr}} 

@article{raisi2020text,
  title={Text detection and recognition in the wild: A review},
  author={Raisi, Zobeir and Naiel, Mohamed A and Fieguth, Paul and Wardell, Steven and Zelek, John},
  journal={arXiv preprint arXiv:2006.04305},
  year={2020}
}